2511 3052
1220 150 1294 206 29

423 267 529 330 ubi,
569 269 706 335 ‘quod
721 278 794 316 est
807 272 1114 334 principale,
1150 272 1402 319 conditum
1425 279 1520 329 est,
1557 272 1613 318 id
1632 279 1725 329 est,
1758 280 1924 335 caput,
1959 273 2101 321 cuim·

419 364 588 423 imago
625 363 713 421 sit,
759 363 876 408 inde
893 364 1271 423 :cognoscimura
1304 377 1413 407 cum
1447 370 1615 408 autem
1664 363 1992 424 impetratur,
2046 372 2101 411 ut

415 452 638 515 reliquae
651 453 1051 515 transferantur-5
1068 453 1249 499 desinit
1270 453 1406 499 locas
1432 453 1693 514 religiosus
1710 470 1827 501 esse.
1877 454 1986 501 Erit
2006 453 2098 521 igi-

416 550 499 588 tur
525 543 837 606 sepulcrum,
872 542 1077 606 proprio
1099 557 1253 589 sensu
1274 552 1497 588 sumtum
1512 577 1527 598 ‚
1563 542 1651 589 ubi
1673 541 1847 610 religio
1871 544 2047 608 incipit
2069 560 2097 591 a

413 631 586 700 glebae
603 632 903 691 iniectione,
939 633 1054 681 licet
1074 637 1281 680 vocetur
1301 632 1447 679 etiam
1469 649 1668 679 sacrum
1694 634 1758 681 ob
1790 632 1969 682 factam
2000 634 2097 682 diis

415 723 650 770 manibus
671 723 1110 781 consecrationem,
1133 734 1184 770 et
1205 732 1433 771 sanctum
1455 725 1973 787 propter-sanctionem
1984 740 2101 772 con-

344 878 345 881 Ἰ
416 822 491 859 tra
515 805 1211 861 violatores.confi}matam‹.et
1235 814 1294 860 ab
1320 813 1515 873 iniuriis
1537 815 1803 862 hominum
1828 815 2093 863 munitam.

551 905 734 968 Neque
764 914 849 962 est,
876 904 1032 969 quod,
1052 907 1432 971 auctoreMAR
1447 921 1476 952 0
1490 922 1520 953 o
1544 908 1595 953 L
1609 922 1643 952 Y
1658 922 1686 952 c
1702 922 1735 953 L
1752 923 1790 953 A
1807 922 1901 954 MA
1926 909 2099 954 Mem-

417 991 556 1038 bran.
592 994 705 1039 Lib.
734 996 861 1041 VII.
899 998 1007 1041 Ecl.
1037 1010 1128 1050 22,
1178 1003 1389 1055 reponat
1421 1000 1864 1052 AnNTzEN1vs,
1916 997 2102 1040 laesam

417 1093 524 1128 esse
556 1096 583 1126 a
627 1081 846 1141 libertis,
900 1080 1026 1129 facta
1054 1082 1111 1127 in
1141 1080 1219 1127 ius
1250 1082 1538 1144 vocatione,
1581 1082 1963 1144 defunctorum,
2011 1082 2102 1147 qui

414 1171 742 1234 sepulcralem
765 1171 1040 1219 custodiam
1061 1171 1320 1233 iusserant,
1357 1173 1683 1220 voluntat-em.
1751 1178 1906 1221 Laesa
1930 1175 2098 1238 potius

415 1259 661 1308 censenda
682 1272 752 1309 est
767 1278 805 1309 -a
824 1260 1104 1308 constitutis
1128 1259 1451 1318 custodibus,
1487 1261 1608 1325 ipsa,
1635 1262 1676 1309 si
1703 1263 1823 1311 inde
1846 1278 1897 1311 se
1923 1279 2099 1311 moue-

415 1360 548 1412 rant,
584 1350 684 1399 loci
704 1350 904 1418 religio,
942 1368 1041 1416 qua
1065 1352 1167 1399 sola
1185 1350 1223 1396 ii
1250 1348 1611 1398 detinebantur.
1684 1352 1834 1416 Quod
1857 1363 1910 1400 ut
1933 1354 2101 1401 existi·

341 1447 347 1448 ’
414 1457 568 1502 mem,
601 1441 657 1487 in
677 1457 820 1488 causa
841 1452 912 1489 est
929 1441 1035 1510 ipse
1060 1445 1392 1489 ULPIANVS
1416 1440 1470 1487 in
1503 1445 1614 1503 lege
1644 1461 1677 1489 1.
1715 1446 1786 1491 D.
1812 1447 1877 1491 de
1904 1454 2099 1492 mortuo

414 1533 566 1593 inser.
593 1531 683 1581 ubi
708 1530 974 1593 propositis
999 1547 1024 1577 a
1050 1540 1281 1593 praetore
1314 1529 1481 1580 verbis
1517 1529 1691 1578 edicti:
1749 1538 1883 1594 quo>
1903 1552 2101 1596 quaue

413 1621 520 1669 illi
551 1628 864 1675 mortuum
897 1621 1165 1682 inferre,
1199 1621 1409 1668 inuito
1445 1629 1531 1679 te,
1569 1622 1664 1668 ius
1701 1630 1813 1679 est,
1851 1638 1966 1683 quo
1988 1622 2099 1667 mb-

413 1728 449 1758 n
463 1728 535 1758 us
570 1713 671 1758 illi
704 1728 769 1758 eo
806 1730 876 1758 ea
890 1729 959 1758 ue
991 1711 1041 1758 m
1057 1730 1085 1758 ο
1099 1720 1307 1757 riuum
1327 1713 1592 1772 inferre,
1624 1720 1682 1758 et
1710 1711 2098 1774 ibi-sepelire

412 1803 637 1859 liceat,
675 1818 705 1848 v
720 1803 796 1847 im
816 1802 992 1862 sieri
1023 1818 1054 1848 ν
1070 1809 1195 1858 eto,
1234 1799 1427 1858 adiicit,
1465 1802 1553 1863 qui
1577 1802 1828 1862 inferendi
1844 1810 2095 1849 mortuum

412 1894 489 1938 ius
510 1891 681 1948 habet,
718 1907 817 1945 non
825 1890 1124 1952 prohibetur
1145 1892 1337 1951 inferre
1352 1908 1367 1936 .·
1417 1891 1680 1950 prohiberi
1702 1900 1868 1937 autem
1909 1893 2100 1952 inferre

412 1983 633 2040 videtur,
669 1981 775 2027 siue
793 1982 845 2027 in
872 1982 1030 2028 locum
1052 1981 1245 2042 inferre
1264 1978 1626 2041 prohibeatur,
1657 1981 1766 2026 siue
1793 1982 1971 2046 itinese
2005 1999 2101 2028 ar-

413 2081 598 2119 ceatur.
669 2070 804 2135 Quid
823 2069 1012 2139 igitur?
1063 2074 1249 2117 Nonne
1284 2068 1367 2116 hic
1401 2069 1682 2133 sepulcrum
1708 2067 1888 2116 dicitur
1918 2068 2096 2117 locus?

408 2165 592 2210 Nonne
616 2161 833 2209 elocutio
857 2160 1125 2225 Ulpianea:
1163 2162 1251 2224 qui
1275 2168 1501 2222 propter*
1523 2162 1619 2206 loci
1656 2162 1947 2223 religionem
1977 2163 2094 2209 inde

410 2272 463 2299 se
488 2271 687 2299 mouere
706 2271 806 2299 non
818 2262 1061 2315 possunt,
1086 2252 1341 2298 intellectu
1355 2248 1545 2297 facilior
1569 2266 1731 2314 eaque
1758 2251 2095 2310 commodior,

411 2344 452 2390 si
477 2343 538 2390 de
563 2345 780 2406 sepulcri
802 2341 1040 2407 religione
1066 2341 1320 2406 capiatur?
1382 2341 1561 2390 Suadet
1592 2352 1723 2388 certe
1755 2353 1865 2387 tum
1897 2342 2095 2410 linguae

408 2434 588 2481 latinae
612 2433 754 2492 ratio,
793 2443 902 2480 tum
925 2417 1154 2480 veterurn
1183 2433 1479 2497 scriptorum
1501 2432 1779 2479 auctoritas.
1815 2433 2095 2482 Dicebatur

411 2522 681 2590 antiquitus
707 2524 993 2589 sepulcrum
1013 2521 1161 2571 etiam
1183 2540 1435 2571 commune
1461 2525 1762 2586 sepulcrum,
1801 2534 1848 2572 et
1872 2541 2095 2585 commu-7
