2511 3052
400 750 549 868 Qui
592 781 656 831 ad
688 782 948 832 uniuersas
991 781 1114 851 legis
1158 781 1405 832 secundae
1447 783 1770 854 Digestorum
1808 782 1871 832 de
1909 782 1964 830 in
1995 781 2077 829 ius

403 874 630 922 vocando
665 884 824 938 partes
857 875 1178 941 singularem,
1222 889 1438 938 eamque
1480 890 1663 941 magno
1710 874 1964 922 doctrinae
1997 888 2079 937 ap·

395 973 568 1029 paratu
592 963 1049 1012 commendabilem
1083 980 1138 1011 ac
1173 964 1615 1012 Miscellaneorum
1647 965 1804 1012 Libro
1843 966 1985 1026 Traj.
2015 965 2086 1012 ad

400 1055 561 1105 Rhea.
600 1056 738 1115 1765.
777 1054 823 1099 8.
851 1071 908 1115 p.
947 1056 1045 1116 949
1081 1071 1180 1117 seq.
1219 1042 1460 1098 adiectam
1488 1054 1905 1101 'Dissertationem
1942 1053 2081 1100 exhi—

394 1143 505 1191 buit
540 1145 742 1188 Han-n.
779 1132 959 1190 10A'N.
996 1142 1452 1188 ΑιιΝτΖΕΝινετ
1500 1140 1545 1189 is
1582 1141 1818 1205 quidem,
1853 1141 1977 1189 dum
2015 1141 2078 1189 de

394 1230 631 1279 omnibus
661 1229 890 1291 omnino,
926 1241 1076 1294 quas,
1111 1238 1314 1277 auctore
1348 1229 1593 1294 Ulpiano,
1641 1246 1747 1277 non
1776 1230 1895 1279 licet
1915 1229 1971 1284 in
2001 1229 2080 1278 ius

393 1337 608 1380 vocare,
684 1318 912 1383 personis
969 1312 1223 1382 exponere
1263 1319 1398 1384 apud
1451 1320 1682 1367 animum
1731 1321 2079 1383 constituerat,

390 1409 738 1477 quaestionem
790 1409 941 1455 simul
984 1407 1147 1474 mouit
1187 1408 1249 1457 de
1310 1410 1424 1473 iis„
1459 1411 1550 1476 qui
1594 1422 1798 1476 propter
1854 1411 1954 1459 loci
1999 1426 2076 1459 re-

391 1497 634 1569 ligionem
670 1497 789 1545 inde
822 1512 875 1569 se
898 1491 1120 1546 *mouere
1152 1513 1255 1546 non
1279 1509 1503 1563 possunt,
1538 1510 1710 1549 nactus
1746 1499 1865 1547 inde
1898 1515 2079 1565 oppor-

394 1591 654 1640 tunitatem
687 1587 980 1659 insurgendi
1022 1587 1261 1638 aduersus
1309 1592 1382 1640 Io
1396 1608 1463 1658 S„
1494 1593 1793 1641 NERIVM
1845 1593 2077 1643 Analect.

397 1683 522 1732 Liln
547 1684 623 1729 II.
669 1697 778 1743 cap.
823 1682 874 1728 4.
921 1680 976 1726 in
1018 1681 1133 1729 Er,
1178 1684 1501 1765 OTg’oNIS
1558 1682 1699 1729 Thes,
1760 1684 1866 1731 Iur.
1931 1686 2075 1733 Rom.

395 1775 530 1820 Tom.
568 1773 643 1818 II.
681 1787 739 1832 p.
787 1772 908 1833 393.
957 1788 1055 1833 seq.
1147 1771 1318 1817 Solent
1359 1771 1660 1836 plerumque
1707 1771 1762 1818 in
1806 1773 1923 1836 hac,
1969 1790 2075 1838 quo

396 1862 649 1917 viuimus,
694 1859 877 1906 saeculi
923 1859 1162 1917 mollitie,
1217 1860 1453 1907 varietate
1495 1874 1665 1906 rerum
1708 1859 1834 1909 adeo
1874 1864 2079 1927 percelli
2143 1921 2151 1925 „

394 1951 691 2011 hominum,
743 1960 799 1995 ut
842 1959 982 2011 sunt,
1037 1949 1216 2010 animi,
1258 1960 1336 2010 ut,
1381 1947 1611 2013 populari
1667 1950 1853 1995 trutina
1898 1965 2077 2000 cuncta

393 2040 754 2107 ponderantes,
800 2056 905 2087 non
950 2038 1046 2086 nisi
1087 2057 1221 2088 noua
1255 2052 1303 2088 et
1341 2039 1482 2105 quasi
1523 2038 1587 2086 de
1640 2051 1803 2088 musto
1847 2058 1902 2090 ac
1958 2044 2073 2092 lacu

392 2131 586 2180 feruida
630 2132 875 2195 probent,
911 2131 1114 2197 antiqua
1147 2131 1410 2180 fastidiant.
1485 2133 1595 2197 Ego
1627 2148 1776 2198 vero,
1831 2134 2074 2198 quemad-

393 2220 605 2269 modum
654 2221 762 2267 sine
813 2221 1219 2285 reprehensionis
1276 2233 1394 2268 nota
1446 2221 1582 2268 haud
1625 2222 1933 2283 dimittendi,
1982 2227 2075 2291 qui

395 2313 561 2359 iurant
602 2310 658 2358 in
706 2312 856 2359 verba
902 2312 1282 2379 magistrorum,
1325 2312 1391 2360 ita
1427 2313 1566 2360 nullo
1611 2311 1766 2361 modo
1801 2314 2077 2366 laudandos

400 2402 630 2451 existimo
661 2417 776 2466 eos,
822 2403 941 2470 qui,
988 2402 1113 2450 dum
1154 2400 1355 2470 fugiunt
1385 2402 1527 2461 vitia,
1581 2402 1639 2451 iu
1678 2405 1922 2454 contraria
1968 2424 2081 2456 cur-
