2511 3052
1235 143 1306 197 27
1397 186 1408 188 ,γ

433 265 719 333 sepulcralis
765 262 1018 314 custodiae
1070 263 1223 329 ratio,
1276 262 1477 314 videtur
1522 267 1854 331 repetendum
1898 284 1928 320 e
1963 284 2115 323 more-

428 359 687 418 Romano,
721 372 825 421 quo
862 364 1180 413 mortuorum
1209 354 1528 414 vestimenta,
1570 372 1776 417 aurum,
1822 363 2105 427 pecuniam,

430 446 819 510 supellectilem,
855 445 1082 509 aliasque
1116 459 1219 507 res,
1262 456 1323 491 ut
1353 443 1408 492 in
1432 445 1574 504 loco,
1623 446 1838 497 deorum
1879 454 2106 502 manium

429 536 671 603 religione
714 535 940 593 munito,
984 533 1165 582 melius
1208 549 1265 581 ac
1292 534 1446 582 tutius
1488 547 1689 599 possent
1733 542 2002 602 asservari,
2049 546 2106 591 in

429 626 665 690 sepulcris
709 624 1119 687 condebantsut
1157 623 1353 672 mittam
1392 624 1632 672 sacrificia
1671 626 1762 673 ista
1802 646 1994 697 annua,
2051 635 2107 682 in

429 715 653 764 defuncti
680 717 930 764 honorem
952 730 1098 779 saepe
1129 714 1370 779 exipsius
1391 725 1685 764 testamento
1708 722 2001 786 peragenda,
2032 727 2110 774 in.

427 816 502 854 ter
535 822 666 872 quae
700 816 826 854 stato
865 816 1091 870 tempore
1128 804 1300 866 ludos,
1336 805 1535 869 epulas,
1570 806 1768 873 aliaque
1799 813 1976 861 mortis
2011 819 2108 866 sol-⁴

426 897 613 945 lemnia
643 896 990 955 instituebant,
1027 906 1076 943 et
1110 894 1173 943 de
1195 894 1381 960 quibus
1412 897 1749 945 consulendus
1775 910 1847 948 est
1879 905 2109 958 Hem-12.-

425 989 516 1036 Io.
554 990 763 1036 Aazvr
780 1002 1006 1036 zarvtr
1025 1003 1052 1033 s
1088 989 1247 1047 Spec..
1275 984 1532 1032 Obseruat.
1582 989 1836 1038 Leouard.
1890 999 2012 1055 φῶ.
2059 1000 2111 1047 8,

425 1092 535 1139 cap.
572 1077 697 1123 VII.
727 1092 853 1137 pag.
880 1076 965 1123 38.
988 1092 1094 1138 sqq.
1183 1077 1292 1120 Nec
1326 1072 1526 1122 silentio
1566 1074 1767 1122 tandem
1785 1086 2108 1140 praetermit.

425 1162 577 1208 tenda
611 1174 681 1209 est
714 1180 829 1210 cura
861 1163 1332 1225 odoramentorum,
1366 1163 1665 1227 quaestatis
1696 1174 1746 1212 et
1778 1169 2107 1224 sollemnibus

428 1251 606 1299 diebus
637 1254 866 1321 sepulcro
894 1249 1313 1313 infundebantur,
1347 1260 1398 1299 et
1426 1252 1776 1317 lucernarum,
1812 1273 1943 1322 quae
1970 1264 2109 1329 lych-

428 1343 585 1392 nuchi
627 1353 677 1389 et
703 1341 947 1389 bilichnes
988 1340 1223 1387 dicuntur
1257 1350 1305 1409 et
1332 1340 1387 1386 in
1422 1340 1657 1388 omnibus
1677 1340 1782 1391 fere
1804 1360 2119 1403 monumen-¹

427 1432 489 1478 tis
536 1441 822 1479 occurrunt.
904 1434 985 1476 En
1019 1430 1236 1477 ardentis
1268 1430 1502 1479 lucernae
1530 1432 1719 1478 Salerni
1751 1433 1988 1489 inuentae
2026 1443 2106 1491 in.

428 1521 751 1585 scriptionem
780 1518 792 1568 Ξ
1110 1566 1112 1568 ,
1454 1570 1462 1581 x

720 1608 951 1659 HAVE.
1004 1606 1372 1658 SEPTIMA„
1427 1607 1571 1658 SIT.
1636 1611 1814 1663 ΤΙΒΙ

810 1698 1092 1748 ΤΕΒΒΑ.
1140 1697 1400 1747 LEVIS.
1452 1699 1703 1760 QVISQ
1761 1720 1775 1733 ·

758 1788 975 1844 HVIC.
1005 1822 1007 1824 -
1035 1786 1409 1838 TVMVLO.
1464 1787 1771 1842 POSVIT

790 1875 1245 1933 ARDENTEM.
1295 1877 1742 1931 LVCERNAM

769 1967 1056 2016 ILLIVS.
1126 1965 1463 2038 CINERES.
1527 1967 1790 2019 AVREA

960 2055 1231 2105 TERRA.
1283 2055 1565 2104 TEGAT.

565 2152 759 2199 Harum
778 2166 951 2198 rerum
984 2147 1217 2196 omnium
1245 2162 1385 2210 cura,
1408 2146 1668 2214 ipsiusque
1700 2154 1914 2217 sepulcri
1941 2170 2113 2212 custo-2

433 2246 536 2309 dia,
570 2256 829 2309 tamquam
858 2239 1053 2306 pietatis
1083 2254 1198 2314 erga
1227 2236 1486 2287 defunctos
1515 2238 1708 2308 imago,
1752 2243 2105 2316 iniungebatur

431 2335 645 2398 libertis,
680 2333 795 2399 qui,
830 2332 897 2379 ob
929 2345 1188 2378 summum
1223 2338 1275 2377 et
1299 2329 1661 2383 inaestimabile
1696 2332 1935 2385 libertatis
1955 2340 2120 2391 bene·.

434 2429 606 2480 ficium
632 2442 659 2471 a
681 2422 914 2489 ,patronis
935 2431 1219 2485 acceptum,
1255 2421 1453 2468 arctiori
1480 2421 1681 2468 vinculo
1705 2424 1924 2475 adstricti
1950 2443 2121 2484 erana.

434 2519 568 2567 Hinc
592 2513 842 2565 Mausolei
856 2494 1029 2561 *claues
1066 2510 1194 2560 duae
1230 2527 1385 2576 penes
1419 2512 1640 2578 aliquem
1663 2514 1962 2567 libertorum
1999 2538 2109 2573 esse

1444 2605 1488 2650 D
1529 2619 1556 2651 2
