2511 3052
493 310 1286 378 PRA'ENOBILISSIMO
1355 321 2074 388 DOCTISSIMOQVE

718 478 1405 534 DISPVTATIONIS
1461 482 1836 535 AVCTORI

1143 638 1215 686 ι’
1253 657 1303 687 n.
1373 655 1402 686 ι’

931 855 1627 923 PRAESES

525 1399 628 1450 itod
657 1417 735 1448 me
747 1401 1046 1465 potissmum
1072 1401 1125 1448 in
1137 1399 1341 1464 publice
1373 1401 1561 1449 tuenda
1593 1403 1930 1466 disputatione
1966 1405 2017 1452 T
2021 1421 2056 1452 u
2070 1421 2105 1452 a

426 1494 575 1542 Tibi
607 1493 807 1539 voluisti
840 1491 1042 1547 adesse,
1083 1491 1453 1548 Teuchere,
1506 1492 1605 1537 Vir
1640 1494 1943 1541 Docti-ssime
1987 1496 2104 1541 ani*

421 1571 599 1646 moque
621 1598 728 1626 meo
763 1581 1017 1625 carissime
1029 1597 1045 1623 .·
1089 1581 1143 1622 in
1177 1595 1233 1622 eo
1269 1595 1487 1639 agnosco
1510 1596 1732 1625 amorem
1766 1584 1856 1627 Tu
1869 1600 1982 1641 um,
2021 1600 2107 1629 co-

418 1660 615 1736 gnitum
650 1672 848 1733 quidem
876 1677 924 1713 et
949 1676 1272 1730 perspectum
1298 1668 1364 1713 ab
1383 1670 1492 1730 ipso
1515 1671 1600 1715 illo
1640 1674 1877 1733 temporis
1888 1676 2103 1734 puncto,'

420 1781 516 1828 quo
536 1764 737 1824 primus
775 1762 828 1804 in
871 1760 970 1804 mei
991 1758 1219 1803 notitiam
1254 1759 1456 1814 venisti,
1500 1762 1595 1804 sed
1628 1777 1761 1807 nouo
1806 1764 2098 1808 documento

420 1854 621 1916 egregie
668 1858 869 1898 auctum
913 1857 960 1894 et
1004 1847 1363 1907 confirmatum.
1446 1849 1622 1910 Neque
1676 1852 1798 1897 mihi
1831 1854 2097 1899 iucundius

421 1944 686 2008 quicquam
698 1976 714 1998 ,
769 1946 857 1986 aut
909 1939 1102 1985 dulcius
1149 1938 1435 1998 contingere
1454 1945 1664 1998 poterat
1707 1942 1939 2004 colloquii
1965 1944 2098 1990 docti

421 2027 636 2082 Tecum
683 2031 971 2077 instituendi
1015 2028 1270 2084 societate,
1322 2042 1454 2073 anno
1497 2028 1775 2088 superiori,
1826 2048 1923 2092 quo
1937 2067 1953 2089 ,
2014 2034 2093 2078 me'

418 2130 546 2169 teste·
563 2137 623 2166 ac
641 2121 831 2177 comite,
868 2120 921 2164 in
948 2118 1199 2165 auditorio
1209 2114 1411 2179 publico
1436 2117 1614 2162 selecta
1637 2117 1762 2162 iuris
1786 2123 2094 2168 controuersi

418 2214 586 2275 capita
618 2210 916 2271 defendisti,
963 2209 1117 2263 inita,
1164 2208 1265 2251 iam
1304 2223 1422 2252 vero
1448 2223 1548 2268 per
1577 2223 1741 2253 nouae
1778 2210 2093 2274 eiusdemque

415 2301 667 2349 sollemnis
698 2299 1053 2360 disputationis
1092 2297 1479 2360 oportunitatem
1500 2305 1760 2354 renouata,
1799 2316 1950 2360 quam
1972 2305 2091 2349 nul-

415 2395 494 2439 las
528 2372 694 2437 dubito
733 2389 979 2435 maximos
1023 2387 1293 2448 voluptatis
1343 2402 1403 2431 ac
1450 2384 1666 2431 laetitiae
1684 2387 1896 2448 fructus
1950 2392 2089 2439 Tibi

416 2485 688 2530 allaturam
723 2496 839 2526 esse.
916 2478 1038 2524 Cam
1060 2477 1189 2523 enim
1206 2476 1428 2539 pectoris
1455 2476 1549 2520 Tui
1571 2477 1862 2536 candorem,
1900 2482 2091 2543 ingenii

417 2574 757 2629 alacritatem,
809 2570 1182 2631 doctrinaeque,
1234 2583 1385 2630 quam
1435 2566 1681 2627 indefesso
1726 2570 1890 2618 studio
1946 2573 2093 2621 Tibi
