2511 3052
395 279 615 336 meque
645 258 1120 314 beneuolentiam
1160 257 1499 314 Vestram
1540 257 1895 316 ambientem
1931 273 2083 316 tanta

403 391 636 448 semper
673 372 941 428 comitate
996 383 1171 445 atque
1212 369 1568 428 humanitate
1629 371 1966 446 excepistis,
2017 384 2084 429 ut

400 486 621 542 amicus
656 484 865 558 magis,
906 500 1085 559 quam
1118 482 1295 539 cliens
1327 483 1518 539 videri
1562 503 1826 560 possem3⁴
1872 469 2085 540 verum

401 602 605 668 etiam,
630 597 732 654 his
770 597 1041 655 nondum
1062 598 1350 666 contenti,
1384 597 1841 671 largissimorum
1865 596 2085 671 stipen-

396 713 638 769 diorum
695 712 755 766 in
816 731 913 764 me
961 711 1268 766 collatione
1313 711 1601 768 faciliores
1663 732 1728 768 ac
1783 711 2084 768 suauiores

397 823 735 880 reddidistis
771 821 1107 878 studiorum
1141 840 1416 877 meorum
1449 840 1645 897 annos.
1717 825 1871 878 Cum
1907 823 2085 895 igitur

399 939 459 993 in
488 959 557 991 eo
583 937 711 1003 sim,
750 949 819 990 ut
847 933 1056 989 edatur
1084 936 1200 989 iam
1219 953 1284 989 ac
1308 936 1540 1012 publice
1560 933 1911 991 defendatur
1937 955 1969 988 a
1988 956 2083 989 me
2130 948 2136 950 “

397 1049 727 1104 dissertatio
769 1047 1058 1121 quaedam
1088 1046 1391 1132 iuridjcaQ
1428 1049 1827 1120 lubentissime
1865 1051 2082 1123 arripio

393 1162 545 1217 hanc
571 1140 1086 1235 opportunitatem,
1115 1178 1233 1232 qua
1256 1160 1549 1233 acceptior
1572 1159 1730 1214 nulla
1741 1135 2086 1234 mihipbteSt

398 1273 764 1345 contingere,
812 1269 1097 1326 offerendi
1147 1264 1401 1337 Vobis,
1450 1270 1616 1326 Viri
1660 1270 2084 1328 Consultis—

396 1385 578 1452 simi,
603 1384 782 1439 hocce
812 1382 1220 1458 qualecunque
1254 1381 1633 1458 opusculum,
1658 1395 1957 1457 tamquam
1979 1404 2084 1440 ve—

386 1492 688 1551 ‘rissimam
720 1494 867 1567 grati
912 1493 1088 1548 animi
1126 1507 1185 1551 et
1233 1493 1465 1549 mirifici
1518 1478 1822 1548 cuiusdam
1869 1496 2083 1551 amoris

397 1626 535 1681 erga
566 1606 714 1661 Vos
748 1606 867 1661 mei
896 1619 1189 1662 tesseram.
1239 1604 1415 1661 Haud
1440 1606 1646 1678 ignoro
1676 1604 2083 1682 quidem‚per-

392 1721 581 1777 multa
607 1733 806 1776 extare
842 1718 1223 1787 documenta,
1260 1737 1409 1793 quae
1437 1717 1510 1771 de
1535 1719 1768 1791 egregio
1804 1719 2080 1776 Vestro

390 1837 544 1889 bene
566 1832 841 1887 merendi
878 1833 1074 1888 studio
1111 1832 1566 1889 luculentissime
1603 1831 1946 1906 loquantur,
1976 1818 2081 1890 ne-

396 1965 511 2021 que
553 1946 834 2018 exiguum
870 1965 994 1999 esse
1027 1964 1354 1998 numerum
1392 1964 1633 2011 eornm,
1680 1947 1788 2018 qui
1818 1964 2083 2021 >propen-

392 2058 641 2113 sam-Ne
658 2033 881 2113 stram
914 2071 1089 2133 atque
1118 2057 1495 2132 conspicuam
1519 2057 1578 2112 in
1603 2057 1931 2113 litterarum
1955 2058 2081 2115 cml-

397 2170 621 2227 toribus
644 2170 1006 2227 voluntatem
1019 2170 1210 2246 palam
1234 2170 1620 2246 profiteantur
1646 2169 2078 2256 aepraedicent.

390 2282 590 2340 Nihilo
638 2284 828 2341 secius
856 2297 1112 2360 egomet
1155 2284 1276 2359 ipse
1322 2284 1670 2360 rapiendam
1707 2285 1780 2341 de
1819 2283 1920 2340 die
1955 2304 2080 2342 esse

395 2397 761 2456 occasionem
783 2400 1096 2458 arbitratus
1119 2418 1269 2471 sum,
1295 2419 1409 2475 qua
1435 2399 1758 2457 iustissimis
1783 2398 1839 2456 V
1853 2419 1884 2455 e
1898 2418 1923 2454 s
1938 2410 1960 2454 t
1975 2395 2078 2454 ris
