2511 3052
837 533 1589 592 CAPVTI.

378 676 818 732 Examinantur
851 677 1057 735 variae
1091 674 1387 731 doctorum
1439 677 1703 731 virorum
1740 679 2052 734 sententiae

383 774 401 799 ³·
938 774 1006 831 de
1041 772 1155 830 loci
1196 773 1489 850 religione.

373 1058 483 1143 Ac
524 1092 747 1155 primum
793 1093 1003 1157 quidem
1033 1092 1100 1152 ,in
1156 1091 1613 1139 commemorandis
1671 1109 1727 1140 ac
1781 1091 2052 1140 refutandis

376 1183 893 1245 ICtorumxvsententiis
929 1160 1033 1228 non
1067 1195 1241 1233 sumus
1278 1179 1435 1228 nescii
1474 1181 1636 1229 otium
1668 1181 1815 1228 uobis
1845 1181 2054 1245 aliquod

374 1271 475 1318 iam
519 1270 695 1319 fecisse
749 1271 924 1318 ΑΝΤ.
961 1271 1187 1317 Heme.
1237 1283 1400 1323 VAN·
1433 1270 1625 1316 HEES
1675 1271 1816 1318 Diss,
1880 1272 2052 1334 inaug.

376 1364 438 1410 de
484 1364 545 1409 iis
558 1398 574 1421 ,
622 1378 751 1426 quae
796 1360 1069 1423 antiquitus
1111 1359 1256 1420 apud
1297 1360 1557 1406 Romanos
1603 1360 1735 1405 inter
1775 1361 2054 1422 litigatores

375 1459 491 1498 ante
515 1452 662 1513 ⁴litem
697 1457 1021 1509 contestatam
1038 1448 1265 1508 fiebant,
1302 1449 1472 1509 Lugd.
1509 1450 1629 1496 Bat.
1667 1451 1800 1510 1747.
1838 1452 1888 1499 4.
1926 1451 2052 1516 typis

377 1538 643 1603 exscripta,
679 1548 727 1586 et
769 1541 947 1586 DAN.
995 1536 1558 1585 FELLENBERGII
1612 1537 1902 1599 Iurisprud.
1949 1548 2050 1587 απτ.

362 1633 583 1682 „Bernae
632 1632 762 1691 1760.
807 1628 857 1674 4.
906 1627 1041 1672 Tom.
1089 1626 1132 1671 I.
1168 1640 1227 1687 Ρ.
1263 1625 1369 1688 491.
1406 1641 1506 1689 seq.
1543 1623 1753 1685 inserta,
1791 1643 1900 1691 cap.
1939 1646 1971 1675 1.
2010 1634 2050 1686 §.

377 1713 442 1785 19.
482 1736 635 1786 quam
670 1719 828 1765 miror
863 1715 927 1762 ad
955 1704 1132 1760 manus
1167 1729 1273 1761 non
1305 1712 1460 1762 fuisse
1491 1715 1883 1766 ΑΒΝΤΖΕΝιο
1916 1719 2051 1785 ipsos

375 1811 507 1858 inter
541 1814 752 1857 Batauos
773 1804 1121 1855 commoranti.
1189 1803 1507 1872 Spicilegium
1529 1815 1698 1855 tamen
1716 1808 1804 1857 ille
1832 1809 2050 1877 reliquit

375 1900 605 1958 Etenim,
643 1914 758 1945 cum
784 1896 1013 1942 diuersae
1045 1897 1276 1941 ictorum
1315 1896 1586 1942 sententiae
1621 1899 1890 1947 commode
1940 1916 2054 1966 pos-

376 1991 475 2037 sint
513 1989 690 2037 reduci
736 1987 799 2033 ad
837 1986 939 2032 duo
986 2000 1191 2052 genera,
1238 1993 1486 2049 quatenus
1529 1985 1671 2032 istam
1692 1989 1810 2033 ·Ioci
1836 1979 2050 2053 ''religio-

374 2096 491 2128 nem
540 2080 619 2125 vel
664 2078 728 2126 de
770 2092 977 2125 romana
1026 2073 1400 2139 superstitione,
1460 2076 1538 2121 vel
1590 2076 1652 2124 de
1699 2092 1752 2124 re
1785 2077 2047 2125 christiana

374 2168 583 2236 intelligi
611 2167 888 2216 voluerint:
959 2165 1023 2213 de
1046 2176 1270 2231 utroque
1288 2164 1367 2212 ita
1394 2164 1537 2212 nobis
1559 2166 1654 2213 erit
1686 2166 1959 2235 agendum,
1993 2180 2049 2216 ut

376 2261 590 2328 singulas
622 2258 916 2325 opiniones,
950 2265 1101 2320 prout
1136 2270 1310 2303 earum
1339 2267 1563 2304 auctores
1597 2257 1772 2306 ordine
1815 2273 1924 2306 sese
1944 2254 2046 2308 'ex-

380 2352 601 2416 cipiunt,
648 2349 910 2414 diligenter
953 2344 1325 2404 examinemus,
1373 2357 1442 2409 et,
1498 2346 1681 2410 quibus
1722 2347 2046 2411 potissimum

379 2440 680 2510 argumentis
724 2436 976 2505 quaelibet
1018 2435 1173 2501 possit
1212 2433 1444 2504 infringi,
1499 2446 1584 2483 aut
1636 2437 1826 2503 minui,
1880 2439 2052 2505 paucis

1391 2529 1431 2574 B
1473 2540 1503 2574 2
