2511 3052
931 183 957 203 Ε.
977 184 994 187 ,a
1100 183 1132 187 ⁷-
1228 158 1298 208 26
1579 186 1581 188 .

414 280 611 346 capiant
638 295 970 335 monumenta
999 285 1107 352 ipsa
1121 322 1135 347 ,
1169 285 1365 353 saepius
1394 302 1425 334 a
1462 284 1700 336 defuncto
1731 290 1888 358 legata
1923 281 2100 355 depre-

410 370 688 422 hendimus
720 377 890 424 relicta
923 377 1332 426 libertisaliisue.
1402 377 1540 425 Hinc
1579 380 2010 429 Paruuawvs
2042 380 2099 426 in

409 463 504 524 leg.
542 481 611 525 91.
650 468 691 526 5.
731 484 775 514 2.
811 468 885 514 D.
926 468 989 513 de
1030 471 1209 516 condit.
1250 478 1297 515 et
1337 469 1662 516 demonstrat.
1712 466 1910 516 scribit:
1954 454 2098 521 'Titio

412 562 609 601 centum
648 557 824 602 relicta
849 564 968 603 sunt
1005 559 1078 605 ita
1092 594 1110 616 ,
1147 566 1202 606 ut
1245 575 1280 606 a
1313 567 1631 606 monumento
1671 576 1779 606 meo
1823 575 1925 605 non
1962 575 2100 604 rece-

410 643 532 703 dat,
568 647 654 692 vel
676 646 750 692 uti
772 646 826 691 in
854 647 945 694 illa
977 648 1178 695 ciuitate
1201 650 1503 696 domicilium
1527 648 1710 696 habeat
1726 667 1741 695 .·
1783 655 1952 711 potest
1985 649 2099 704 dici,

407 747 512 779 uon
546 751 653 782 esse
686 737 850 783 locum
897 738 1145 796 cautioni,
1180 756 1284 801 per
1313 756 1466 802 quam
1502 740 1581 786 ius
1624 738 1866 787 liber-tatis
1891 738 2101 800 'infrin-

402 825 561 884 gitur.
630 826 739 873 Sed
767 827 821 872 in
853 827 1080 889 defuncti
1113 826 1302 875 libertis
1332 829 1434 875 alio
1472 828 1583 874 iure
1610 830 1813 876 utimur.
1881 825 2102 885 Accedit,

408 912 558 978 quod
597 915 837 978 Romani,
887 916 1148 983 religionis
1189 916 1516 977 tenacissimi,
1571 916 1719 965 variis
1759 915 1951 985 legibus
1987 931 2103 981 pro-

410 1005 689 1068 spexerint,
721 1016 781 1053 ut
811 1017 923 1052 tum
958 1004 1230 1071 cadauera,
1265 1018 1493 1056 aeternae
1525 1006 1633 1055 sedi
1659 1005 1927 1069 destinata,
1992 1017 2100 1059 tum

409 1096 638 1156 sepulcra
679 1097 740 1142 ab
774 1096 918 1141 omni
955 1093 1005 1139 vi
1051 1106 1104 1141 et
1139 1097 1325 1142 iniuria
1357 1107 1461 1142 tuta
1504 1106 1683 1143 essent.
1759 1096 1920 1159 Ipsius
1953 1092 2102 1141 nimi·

405 1197 523 1235 rum
559 1180 822 1231 cadaueris
847 1183 1055 1231 violatio
1084 1184 1195 1234 fieri
1227 1196 1421 1250 poterat
1460 1184 1796 1250 expositione,
1834 1193 2103 1231 contrecta·

406 1270 577 1335 tione,
611 1272 958 1334 mutilatione,
993 1271 1324 1336 spoliatione,
1370 1285 1419 1322 et
1464 1273 1725 1341 illegitima
1756 1274 2101 1331 translatione3

408 1361 630 1427 sepulcri
680 1372 849 1410 autem
891 1362 1224 1424 alienatione,
1282 1363 1707 1411 contaminatione
1751 1378 1841 1427 per
1886 1363 2102 1425 urinam,

413 1450 740 1520 congerendo
787 1463 970 1500 terram
1017 1451 1071 1499 in
1120 1454 1352 1517 sepulcro
1396 1453 1562 1501 alieno
1578 1490 1591 1516 ,
1653 1452 1966 1501 stillicidium
2019 1462 2103 1498 aut

410 1551 699 1610 protectum
723 1540 780 1587 in
822 1541 1115 1605 sepulcrum
1158 1539 1513 1600 immittendo,
1559 1538 1819 1608 illegitima
1857 1540 2098 1598 illatione,

411 1631 783 1689 inhabitatione
812 1630 939 1691 dolo
957 1630 1093 1679 malo
1130 1632 1427 1695 commissa,
1471 1631 1875 1680 et'monumenti-
1901 1628 2106 1678 dimoli-'

406 1724 578 1783 tione,
615 1721 902 1788 dequibus
935 1720 1193 1784 omnibus,
1227 1722 1302 1769 uti
1326 1721 1390 1770 de
1407 1720 1648 1770 'remediis
1681 1720 1745 1769 ad
1764 1720 2102 1771 inhibendum

406 1815 603 1867 crimen
646 1811 924 1874 concessis,
959 1827 1054 1859 nec
1085 1825 1191 1860 non
1227 1809 1291 1859 de
1329 1811 1508 1875 poenis
1539 1812 1594 1860 in
1624 1812 1892 1860 violatores
1923 1811 2100 1861 consti-

411 1906 531 1973 tutis
566 1908 660 1952 Io.
702 1919 841 1952 rAN
876 1905 936 1950 N
940 1919 1165 1950 ISPEN
1203 1904 1355 1965 Disp.
1395 1907 1459 1951 de
1476 1907 1705 1966 sepulcro
1727 1905 2098 1964 violatoLugd.

406 1998 528 2046 Bat.
566 1994 702 2056 1723.
749 1991 804 2039 in
858 1992 1074 2041 Genu.
1127 1995 1515 2041 OBLRJcHS
1567 1995 1721 2041 Thes:
1751 1996 1893 2050 Diss.
1946 1995 2096 2040 iurid-

405 2089 569 2136 select.
610 2085 725 2135 Vol.
756 2084 832 2132 II.
870 2084 1007 2132 Tom.
1040 2084 1147 2131 III.
1174 2101 1231 2146 p.
1269 2102 1303 2131 ι.
1335 2101 1434 2145 seq.
1473 2090 1524 2129 et
1558 2064 1885 2130 ISJ1A0VS
1922 2085 2098 2129 VAL-

409 2188 742 2228 GKBNABR
782 2171 913 2221 Diss.
934 2173 1119 2239 inaug.
1139 2175 1219 2221 'de
1258 2175 1367 2220 iure
1403 2174 1726 2236 exequiarum
1759 2175 1929 2236 Lugd.
1973 2174 2106 2220 Batq

406 2268 532 2331 1781.
590 2267 641 2316 A.
703 2266 825 2328 Cap.
873 2266 973 2313 IV.
1022 2281 1082 2326 p.
1129 2265 1216 2312 53.
1274 2283 1379 2328 sqq.
1443 2263 1693 2328 copiosius
1739 2272 2095 2329 exposuerunt.

406 2357 559 2410 Unde
596 2358 652 2405 in
690 2354 942 2421 lapidibus
976 2370 1031 2403 ac
1064 2355 1411 2403 monumentis
1443 2354 1729 2420 saepissime
1761 2354 2093 2403 inueniuntur

405 2447 757 2516 inscriptiones
779 2483 793 2511 ,
864 2462 995 2515 quae
1068 2445 1393 2495 violationem
1440 2463 1578 2497 nunc
1634 2445 2066 2510 deprecationibus
2085 2479 2100 2506 ,

410 2554 546 2592 nunc
592 2537 1040 2607 imprecationibus
1085 2548 1319 2589 avertant.
1407 2541 1591 2604 Neque
1627 2535 1764 2585 aliud
1800 2534 1952 2604 quid,
1997 2534 2095 2583 nisi
