2511 3052
1219 162 1296 201 10..
1331 190 1334 194 .
1363 184 1600 203 m,

402 287 538 324 runt.
607 276 777 324 Placet
807 274 981 344 igitur,
1033 294 1149 326 cum
1184 278 1440 343 antiquior
1470 280 1554 326 illa
1605 283 1723 329 Ios.
1764 286 1976 331 Νειιιι
2024 283 2085 332 de

400 367 490 431 iis,
532 367 624 434 qui
659 368 741 416 ob>
772 367 870 414 loci
912 367 1208 436 religionem
1254 368 1309 414 in
1357 369 1437 416 ius
1484 370 1651 417 vocari
1710 361 1815 419 non
1867 381 2095 438 possunt‚'

403 457 606 524 opinio,
641 459 818 523 plausu
849 468 1052 523 excepta
1087 459 1147 506 ab
1176 459 1528 525 interpretibus
1567 460 1690 508 iuris
1734 460 1921 521 ciuilis,
1967 480 2087 528 pau·

403 549 474 596 cis
515 548 614 595 illis
660 546 899 612 quidem,
943 546 1226 596 cultissimis
1275 560 1469 608 tamen,
1531 552 1813 600 CHRIST.
1863 553 2083 601 HENR.

401 641 537 686 Tuo
554 655 717 686 tho
758 641 922 686 Tract.
960 641 1055 686 ίαν.
1092 642 1155 686 de
1187 644 1427 689 memoria
1451 650 1777 704 propagata,
1826 644 1967 702 Traj.
2018 644 2091 691 ad

399 729 562 777 Rhea.
601 730 743 791 1934.
781 730 828 776 8.
866 729 979 776 Lib.
1017 731 1061 777 Ι.
1099 747 1209 794 cap.
1249 734 1343 780 VI.
1384 737 1422 788 §.
1456 735 1507 780 5.
1537 749 1665 794 pag.
1697 732 1995 795 380--398,
2041 741 2089 778 et

398 817 530 866 inter
576 828 819 867 nostrates
881 836 908 866 a
956 821 1316 868 Jos.-LVD.
1371 822 1538 870 ERN.
1592 805 2087 872 Prnvrnam'srb

398 911 687 972 Interprett.
723 911 820 956 iur.
859 910 951 956 οἱα.
990 910 1136 971 Lips.
1175 912 1312 971 1963.
1351 911 1398 958 8.
1429 926 1539 973 cap.
1580 903 1742 959 XIII.
1769 928 1827 974 p.
1868 887 1944 959 fo.
1982 927 2084 975 seq.

401 1014 598 1075 semper
628 996 758 1045 mihi
780 995 887 1048 visa
915 995 978 1043 sit
996 977 1234 1045 omnium
1254 976 1617 1062 pulcherrima,
1651 990 1828 1063 placet,
1859 998 2088 1067 inquam,

399 1088 558 1151 μέσην
597 1085 723 1137 ὁδὸν
761 1085 983 1148 τέμνειν,
1033 1097 1082 1136 et
1122 1086 1397 1158 Ner-ianam
1423 1087 1597 1163 illam
1596 1088 1944 1165 sententiam,
1993 1087 2087 1135 hac

395 1159 650 1233 scribendi
681 1175 975 1238 necessitate
1016 1176 1302 1251 imposita,
1326 1146 1429 1249 sub
1444 1191 1662 1251 examen
1699 1192 1920 1249 v9care,
1955 1192 2088 1230 eam-

400 1282 502 1332 que
526 1265 766 1321 aduersus
804 1244 1258 1328 Αιιιστῑιιιιινινι
1289 1266 1465 1328 nouis,
1502 1266 1547 1314 si
1585 1265 1696 1314 fieri
1716 1265 1895 1330 possit,
1942 1281 2086 1332 argu-

399 1356 582 1404 mentis
605 1356 916 1420 confirmare.
988 1360 1049 1404 In
1072 1373 1172 1423 qua
1195 1354 1405 1420 quidem
1439 1353 1733 1418 defensione
1754 1353 2085 1426 suscipienda,

395 1462 461 1494 ne
474 1462 621 1514 vaga
655 1455 785 1494 erret
831 1445 1019 1506 oratio,
1061 1445 1131 1492 ita
1162 1421 1358 1513 'sumus
1384 1446 1663 1519 versanti,
1720 1456 1826 1516 ut,
1852 1443 2082 1509 collectis

388 1544 658 1609 ⁸quotquot
684 1549 835 1609 super
867 1536 949 1591 his
982 1535 1312 1601 Digestorum
1333 1533 1497 1606 verbis
1517 1543 1735 1605 eptam,
1772 1533 1920 1596 variis
1940 1535 2083 1607 ICto,

395 1642 511 1675 rum
548 1622 830 1688 sententiis,
866 1641 927 1673 ex
962 1639 1142 1686 rerum
1167 1634 1343 1670 natura
1374 1633 1525 1695 atque
1555 1621 1754 1689 indole,
1798 1603 1947 1692 quale
1981 1624 2084 1675 cui·

393 1715 518 1765 libet
548 1697 768 1781 pretium
816 1712 1138 1792 statuendum
1173 1712 1361 1772 veniat,
1409 1695 1836 1789 demonstremus,
1890 1714 2083 1779 ipsum-

394 1823 497 1874 que
531 1804 823 1874 fragmenti,
866 1821 971 1872 quo
1018 1804 1080 1853 de
1116 1797 1283 1858 sstmo
1320 1801 1621 1867 instituitur,
1663 1820 1896 1873 sensum,
1940 1805 2079 1873 inge—

394 1880 544 1945 niose*
588 1896 703 1944 satis
760 1913 789 1944 a
849 1899 971 1947 Ios.
1031 1898 1253 1951 ΝΕιιιο
1305 1872 1566 1964 erutum,
1622 1896 1794 1960 paullo
1863 1896 2079 1959 curatius

397 1999 719 2054 exponamus.
1306 1963 1314 1979 τ
1568 1993 1570 1995 ’
1769 1965 1771 1967 ¹
